@online{Damage,
    author = "Bulbapedia",
    title = "Damage",
    url = "https://bulbapedia.bulbagarden.net/wiki/Damage#Generation_V_onward"
}

@misc{tensorflow,
title={ {TensorFlow}: Large-Scale Machine Learning on Heterogeneous Systems},
url={https://www.tensorflow.org/},
note={Software available from tensorflow.org},
author={
    Mart\'{i}n~Abadi and
    Ashish~Agarwal and
    Paul~Barham and
    Eugene~Brevdo and
    Zhifeng~Chen and
    Craig~Citro and
    Greg~S.~Corrado and
    Andy~Davis and
    Jeffrey~Dean and
    Matthieu~Devin and
    Sanjay~Ghemawat and
    Ian~Goodfellow and
    Andrew~Harp and
    Geoffrey~Irving and
    Michael~Isard and
    Yangqing Jia and
    Rafal~Jozefowicz and
    Lukasz~Kaiser and
    Manjunath~Kudlur and
    Josh~Levenberg and
    Dandelion~Man\'{e} and
    Rajat~Monga and
    Sherry~Moore and
    Derek~Murray and
    Chris~Olah and
    Mike~Schuster and
    Jonathon~Shlens and
    Benoit~Steiner and
    Ilya~Sutskever and
    Kunal~Talwar and
    Paul~Tucker and
    Vincent~Vanhoucke and
    Vijay~Vasudevan and
    Fernanda~Vi\'{e}gas and
    Oriol~Vinyals and
    Pete~Warden and
    Martin~Wattenberg and
    Martin~Wicke and
    Yuan~Yu and
    Xiaoqiang~Zheng},
  year={2015},
}

@misc{TFAgents,
  title = {{TF-Agents}: A library for Reinforcement Learning in TensorFlow},
  author = {Sergio Guadarrama and Anoop Korattikara and Oscar Ramirez and
     Pablo Castro and Ethan Holly and Sam Fishman and Ke Wang and
     Ekaterina Gonina and Neal Wu and Efi Kokiopoulou and Luciano Sbaiz and
     Jamie Smith and Gábor Bartók and Jesse Berent and Chris Harris and
     Vincent Vanhoucke and Eugene Brevdo},
  howpublished = {\url{https://github.com/tensorflow/agents}},
  url = "https://github.com/tensorflow/agents",
  year = 2018,
  note = "[Online; accessed 25-June-2019]"
}

@online{pokeenv,
    url = "https://github.com/hsahovic/poke-env"
}

@online{smogon,
    url = "https://github.com/smogon/pokemon-showdown"
}

@online{repo,
    author = "Matteo Dell'Acqua",
    title = "alphaPoke",
    url = "https://github.com/MatteoH2O1999/alphaPoke/tree/project"
}